@article{olshansky2008parasympathetic,
  title={Parasympathetic nervous system and heart failure pathophysiology and potential implications for therapy},
  author={Olshansky, Brian and Sabbah, Hani N and Hauptman, Paul J and Colucci, Wilson S},
  journal={Circulation},
  volume={118},
  number={8},
  pages={863--871},
  year={2008},
  publisher={Am Heart Assoc}
}

@article{olufsen2013practical,
  title={A practical approach to parameter estimation applied to model predicting heart rate regulation},
  author={Olufsen, Mette S and Ottesen, Johnny T},
  journal={Journal of mathematical biology},
  volume={67},
  number={1},
  pages={39--68},
  year={2013},
  publisher={Springer}
}

@article{olufsen2006modeling,
  title={Modeling baroreflex regulation of heart rate during orthostatic stress},
  author={Olufsen, Mette S and Tran, Hien T and Ottesen, Johnny T and Lipsitz, Lewis A and Novak, Vera and others},
  journal={American Journal of Physiology-Regulatory, Integrative and Comparative Physiology},
  volume={291},
  number={5},
  pages={R1355--R1368},
  year={2006},
  publisher={Am Physiological Soc}
}

@article{ottesen1997modelling,
  title={Modelling of the baroreflex-feedback mechanism with time-delay},
  author={Ottesen, Johnny T},
  journal={Journal of mathematical biology},
  volume={36},
  number={1},
  pages={41--63},
  year={1997},
  publisher={Springer}
}

@article{olufsen2008modeling,
  title={Modeling heart rate regulation—Part I: sit-to-stand versus head-up tilt},
  author={Olufsen, Mette S and Alston, April V and Tran, Hien T and Ottesen, Johnny T and Novak, Vera},
  journal={Cardiovascular Engineering},
  volume={8},
  number={2},
  pages={73--87},
  year={2008},
  publisher={Springer}
}

@article{negative1999reflexes,
  title={Reflexes that control cardiovascular function},
  author={NEGATIVE, ARTERIAL BAROREFLEXES ARE A},
  year={1999}
}

@article{saeed2011multiparameter,
  title={Multiparameter Intelligent Monitoring in Intensive Care II (MIMIC-II): a public-access intensive care unit database},
  author={Saeed, Mohammed and Villarroel, Mauricio and Reisner, Andrew T and Clifford, Gari and Lehman, Li-Wei and Moody, George and Heldt, Thomas and Kyaw, Tin H and Moody, Benjamin and Mark, Roger G},
  journal={Critical care medicine},
  volume={39},
  number={5},
  pages={952},
  year={2011},
  publisher={NIH Public Access}
}

@article{stelling2004robustness,
  title={Robustness properties of circadian clock architectures},
  author={Stelling, J{\"o}rg and Gilles, Ernst Dieter and Doyle, Francis J},
  journal={Proceedings of the National Academy of Sciences of the United States of America},
  volume={101},
  number={36},
  pages={13210--13215},
  year={2004},
  publisher={National Acad Sciences}
}

@article{le1993new,
  title={A new simplified acute physiology score (SAPS II) based on a European/North American multicenter study},
  author={Le Gall, Jean-Roger and Lemeshow, Stanley and Saulnier, Fabienne},
  journal={Jama},
  volume={270},
  number={24},
  pages={2957--2963},
  year={1993},
  publisher={American Medical Association}
}

@article{rousseeuw1987silhouettes,
  title={Silhouettes: a graphical aid to the interpretation and validation of cluster analysis},
  author={Rousseeuw, Peter J},
  journal={Journal of computational and applied mathematics},
  volume={20},
  pages={53--65},
  year={1987},
  publisher={Elsevier}
}

@article{bassen2016jupoets,
  title={JuPOETs: A Constrained Multiobjective Optimization Approach to Estimate Biochemical Model Ensembles in the Julia Programming Language},
  author={Bassen, David and Vilkhovoy, Michael and Minot, Mason and Butcher, Jonathan T and Varner, Jeffrey D},
  journal={bioRxiv},
  pages={056044},
  year={2016},
  publisher={Cold Spring Harbor Labs Journals}
}

@article{baker1997pitfalls,
  title={Pitfalls in parameter estimation for delay differential equations},
  author={Baker, Christopher TH and Paul, Christopher AH},
  journal={SIAM Journal on Scientific Computing},
  volume={18},
  number={1},
  pages={305--314},
  year={1997},
  publisher={SIAM}
}

@book{boron2016medical,
  title={Medical physiology},
  author={Boron, Walter F and Boulpaep, Emile L},
  year={2016},
  publisher={Elsevier Health Sciences}
}

@article{oparil2003pathogenesis,
  title={Pathogenesis of hypertension},
  author={Oparil, Suzanne and Zaman, M Amin and Calhoun, David A},
  journal={Annals of internal medicine},
  volume={139},
  number={9},
  pages={761--776},
  year={2003},
  publisher={Am Coll Physicians}
}

@article{du2007love,
  title={A “love triangle” elicited by electrochemistry: complex interactions among cardiac sympathetic afferent, chemo-, and baroreflexes},
  author={Du, Yan-Hua and Chen, Alex F},
  journal={Journal of Applied Physiology},
  volume={102},
  number={1},
  pages={9--10},
  year={2007},
  publisher={Am Physiological Soc}
}